@book{Russell:1996:AIM:231005,
 author = {Russell, Stuart J. and Norvig, Peter and Candy, John F. and Malik, Jitendra M. and Edwards, Douglas D.},
 title = {Artificial Intelligence: A Modern Approach},
 year = {1996},
 isbn = {0-13-103805-2},
 publisher = {Prentice-Hall, Inc.},
 address = {Upper Saddle River, NJ, USA},
} 

@misc {ackerman2014,
    author = "Evan Ackerman",
    title  = "Robots Playing Ping Pong: What's Real, and What's Not?",
    month  = "Mar",
    year   = "2014",
    howpublished = {\url{http://spectrum.ieee.org/automaton/robotics/industrial-robots/robots-playing-ping-pong-whats-real-and-whats-not}},
    note    = {Accessed: 2015-10-17}
}

@INPROCEEDINGS{5686298,
author={Muelling, K. and Kober, J. and Peters, J.},
booktitle={Humanoid Robots (Humanoids), 2010 10th IEEE-RAS International Conference on},
title={Learning table tennis with a Mixture of Motor Primitives},
year={2010},
pages={411-416},
keywords={humanoid robots;learning systems;anthropomorphic robot arm;complex motor task;context information;dynamic systems motor primitives;elementary motions;fully learned robot table tennis setup;learning table tennis;mixture of motor primitives;simple motor tasks;skill learning systems;Context;Joints;Kernel;Learning systems;Libraries;Robots;Synchronous motors},
doi={10.1109/ICHR.2010.5686298},
month={Dec},}

@article{Trautman:2015:RND:2744155.2744158,
 author = {Trautman, Pete and Ma, Jeremy and Murray, Richard M. and Krause, Andreas},
 title = {Robot Navigation in Dense Human Crowds: Statistical Models and Experimental Studies of Human-robot Cooperation},
 journal = {Int. J. Rob. Res.},
 issue_date = {March     2015},
 volume = {34},
 number = {3},
 month = mar,
 year = {2015},
 issn = {0278-3649},
 pages = {335--356},
 numpages = {22},
 url = {http://dx.doi.org/10.1177/0278364914557874},
 doi = {10.1177/0278364914557874},
 acmid = {2744158},
 publisher = {Sage Publications, Inc.},
 address = {Thousand Oaks, CA, USA},
 keywords = {Learning and adaptive systems, adaptive control, cognitive robotics, design and control, human-centered and life-like robotics, mechanics, social human-robot interaction},
} 