@book{Russell96AI,
 author = {Russell, Stuart J. and Norvig, Peter and Candy, John F. and Malik, Jitendra M. and Edwards, Douglas D.},
 title = {Artificial Intelligence: A Modern Approach},
 year = {1996},
 isbn = {0-13-103805-2},
 publisher = {Prentice-Hall, Inc.},
 address = {Upper Saddle River, NJ, USA},
} 
